@Article{EKiss2008,
  author        = {É. Kiss, Katalin},
  title         = {Free word order, (non)configurationality, and phases},
  journaltitle  = {Linguistic Inquiry},
  volume        = {39},
  number        = {3},
  year          = {2008},
  pages         = {441-475},
  doi           = {10.1162/ling.2008.39.3.441},
}

@Incollection{Szabolcsi1994,
  author        = {Szabolcsi, Anna},
  title         = {The Noun Phrase},
  pages         = {179-274},
  keywords      = {Object Agreement, Noun phrase structure, DP, Hungarian},
  crossref      = {KieKis1994},
}

@Collection{KieKis1994,
  editor        = {Kiefer, Ferenc and {\'E}. Kiss, Katalin},
  title         = {The Syntactic Structure of {Hungarian}},
  year          = {1994},
  publisher     = {Academic Press},
  location      = {New York},
  keywords      = {Hungarian, Noun phrase},
  booktitle     = {The Syntactic Structure of {Hungarian}},
  number        = {27},
  series        = {Syntax and Semantics},
}

@article{Barany2020,
    author = {Bárány, András},
    title = {Hosszú távú egyeztetés intranzitív igékkel a magyarban
             {[Long-distance agreement with intransitive verbs in Hungarian]}},
    year = {2020},
    sortyear = {2020},
    pubstate = {toappear},
    journaltitle = {Általános Nyelvészeti Tanulmányok},
}

@thesis{vanUrk2015,
    author 		= {van Urk, Coppe},
    title  		= {A uniform syntax for phrasal movement},
    subtitle    = {A case study of {Dinka Bor}},
    year   		= {2015},
    type   		= {phdthesis},
    institution = {MIT},
    location = {Cambridge, MA},
}

@Book{denDikken2018,
  author    = {den Dikken, Marcel},
  title     = {Dependency and Directionality},
  year = {2018},
  publisher = {Cambridge University Press},
  location  = {Cambridge},
}
